@inproceedings{stg,
 author = {Peyton Jones, Simon L. and Salkild, Jon},
 title = {The Spineless Tagless G-machine},
 booktitle = {Proceedings of the Fourth International Conference on Functional Programming Languages and Computer Architecture},
 series = {FPCA '89},
 year = {1989},
 isbn = {0-89791-328-0},
 location = {Imperial College, London, United Kingdom},
 pages = {184--201},
 numpages = {18},
 url = {http://doi.acm.org/10.1145/99370.99385},
 doi = {10.1145/99370.99385},
 acmid = {99385},
 publisher = {ACM},
 address = {New York, NY, USA},
}
